
@article{ruef_build_2016,
	title = {Build {It}, {Break} {It}, {Fix} {It}: {Contesting} {Secure} {Development}},
	shorttitle = {Build {It}, {Break} {It}, {Fix} {It}},
	url = {http://arxiv.org/abs/1606.01881},
	abstract = {Typical security contests focus on breaking or mitigating the impact of buggy systems. We present the Build-it Break-it Fix-it BIBIFI contest which aims to assess the ability to securely build software not just break it. In BIBIFI teams build specified software with the goal of maximizing correctness performance and security. The latter is tested when teams attempt to break other teams submissions. Winners are chosen from among the best builders and the best breakers. BIBIFI was designed to be open-ended - teams can use any language tool process etc. that they like. As such contest outcomes shed light on factors that correlate with successfully building secure software and breaking insecure software. During we ran three contests involving a total of teams and two different programming problems. Quantitative analysis from these contests found that the most efficient build-it submissions used CC but submissions coded in a statically-typed language were less likely to have a security flaw build-it teams with diverse programming-language knowledge also produced more secure code. Shorter programs correlated with better scores. Break-it teams that were also build-it teams were significantly better at finding security bugs.},
	urldate = {2016-09-18},
	journal = {arXiv:1606.01881 [cs]},
	author = {Ruef, Andrew and Hicks, Michael and Parker, James and Levin, Dave and Mazurek, Michelle L. and Mardziel, Piotr},
	month = jun,
	year = {2016},
	note = {arXiv: 1606.01881},
	keywords = {mm, w1},
	file = {arXiv\:1606.01881 PDF:C\:\\Users\\lonm\\AppData\\Roaming\\Zotero\\Zotero\\Profiles\\qs5pc95q.default\\zotero\\storage\\ZTTQBUSN\\Ruef et al. - 2016 - Build It, Break It, Fix It Contesting Secure Deve.pdf:application/pdf;arXiv.org Snapshot:C\:\\Users\\lonm\\AppData\\Roaming\\Zotero\\Zotero\\Profiles\\qs5pc95q.default\\zotero\\storage\\SQNVWVXD\\1606.html:text/html}
}

@inproceedings{hooshangi_can_2015,
	title = {Can the {Security} {Mindset} {Make} {Students} {Better} {Testers}?},
	isbn = {978-1-4503-2966-8},
	url = {http://dl.acm.org/citation.cfm?doid=2676723.2677268},
	doi = {10.1145/2676723.2677268},
	language = {en},
	urldate = {2016-09-18},
	publisher = {ACM Press},
	author = {Hooshangi, Sara and Weiss, Richard and Cappos, Justin},
	year = {2015},
	keywords = {mm, w1},
	pages = {404--409},
	file = {hooshangi_sigcse15.pdf:C\:\\Users\\lonm\\AppData\\Roaming\\Zotero\\Zotero\\Profiles\\qs5pc95q.default\\zotero\\storage\\JEQVK8WC\\hooshangi_sigcse15.pdf:application/pdf}
}

@inproceedings{farnqvist_competition_2016,
	title = {Competition and {Feedback} through {Automated} {Assessment} in a {Data} {Structures} and {Algorithms} {Course}},
	isbn = {978-1-4503-4231-5},
	url = {http://dl.acm.org/citation.cfm?doid=2899415.2899454},
	doi = {10.1145/2899415.2899454},
	language = {en},
	urldate = {2016-09-18},
	publisher = {ACM Press},
	author = {FÃ¤rnqvist, Tommy and Heintz, Fredrik},
	year = {2016},
	keywords = {mm, w1},
	pages = {130--135},
	file = {p130-farnqvist.pdf:C\:\\Users\\lonm\\AppData\\Roaming\\Zotero\\Zotero\\Profiles\\qs5pc95q.default\\zotero\\storage\\PABIRCRV\\p130-farnqvist.pdf:application/pdf}
}

@inproceedings{smith_using_2012,
	title = {Using peer review to teach software testing},
	isbn = {978-1-4503-1604-0},
	url = {http://dl.acm.org/citation.cfm?doid=2361276.2361295},
	doi = {10.1145/2361276.2361295},
	language = {en},
	urldate = {2016-09-18},
	publisher = {ACM Press},
	author = {Smith, Joanna and Tessler, Joe and Kramer, Elliot and Lin, Calvin},
	year = {2012},
	keywords = {mm, w1},
	pages = {93},
	file = {p93-smith.pdf:C\:\\Users\\lonm\\AppData\\Roaming\\Zotero\\Zotero\\Profiles\\qs5pc95q.default\\zotero\\storage\\UM26EJ5H\\p93-smith.pdf:application/pdf}
}

@inproceedings{ruef_build_2015,
	title = {Build {It} {Break} {It}: {Measuring} and {Comparing} {Development} {Security}},
	shorttitle = {Build {It} {Break} {It}},
	url = {https://www.usenix.org/conference/cset15/workshop-program/presentation/ruef},
	urldate = {2016-09-18},
	author = {Ruef, Andrew and Hicks, Michael and Parker, James and Levin, Dave and Memon, Atif and Plane, Jandelyn and Mardziel, Piotr},
	year = {2015},
	keywords = {mm, w1},
	file = {Full Text PDF:C\:\\Users\\lonm\\AppData\\Roaming\\Zotero\\Zotero\\Profiles\\qs5pc95q.default\\zotero\\storage\\FXE6QX2S\\Ruef et al. - 2015 - Build It Break It Measuring and Comparing Develop.pdf:application/pdf;Snapshot:C\:\\Users\\lonm\\AppData\\Roaming\\Zotero\\Zotero\\Profiles\\qs5pc95q.default\\zotero\\storage\\FZUQGPZG\\ruef.html:text/html}
}

@misc{_about_????,
	title = {About {Moodle} - {MoodleDocs}},
	url = {https://docs.moodle.org/31/en/About_Moodle},
	urldate = {2016-09-26},
	keywords = {mm, w2},
	file = {About Moodle - MoodleDocs:C\:\\Users\\lonm\\AppData\\Roaming\\Zotero\\Zotero\\Profiles\\qs5pc95q.default\\zotero\\storage\\HXT3IISD\\About_Moodle.html:text/html}
}

@inproceedings{sitthiworachart_effective_2004,
	title = {Effective peer assessment for learning computer programming},
	isbn = {978-1-58113-836-8},
	url = {http://portal.acm.org/citation.cfm?doid=1007996.1008030},
	doi = {10.1145/1007996.1008030},
	language = {en},
	urldate = {2016-09-26},
	publisher = {ACM Press},
	author = {Sitthiworachart, Jirarat and Joy, Mike},
	year = {2004},
	keywords = {lm, w3},
	pages = {122},
	file = {p122-sitthiworachart.pdf:C\:\\Users\\lonm\\AppData\\Roaming\\Zotero\\Zotero\\Profiles\\qs5pc95q.default\\zotero\\storage\\8MGWCRVX\\p122-sitthiworachart.pdf:application/pdf}
}

@article{li_role_2016,
	title = {The role of anonymity in peer assessment},
	issn = {0260-2938, 1469-297X},
	url = {http://www.tandfonline.com/doi/full/10.1080/02602938.2016.1174766},
	doi = {10.1080/02602938.2016.1174766},
	language = {en},
	urldate = {2016-09-28},
	journal = {Assessment \& Evaluation in Higher Education},
	author = {Li, Lan},
	month = apr,
	year = {2016},
	keywords = {lm, w3},
	pages = {1--12},
	file = {The role of anonymity in peer assessment.pdf:C\:\\Users\\lonm\\AppData\\Roaming\\Zotero\\Zotero\\Profiles\\qs5pc95q.default\\zotero\\storage\\3PCRJV2T\\The role of anonymity in peer assessment.pdf:application/pdf}
}

@article{schreuders_empowering_2011,
	title = {Empowering {End} {Users} to {Confine} {Their} {Own} {Applications}: {The} {Results} of a {Usability} {Study} {Comparing} {SELinux}, {AppArmor}, and {FBAC}-{LSM}},
	volume = {14},
	issn = {10949224},
	shorttitle = {Empowering {End} {Users} to {Confine} {Their} {Own} {Applications}},
	url = {http://dl.acm.org/citation.cfm?doid=2019599.2019604},
	doi = {10.1145/2019599.2019604},
	language = {en},
	number = {2},
	urldate = {2016-09-30},
	journal = {ACM Transactions on Information and System Security},
	author = {Schreuders, Z. Cliffe and McGill, Tanya and Payne, Christian},
	month = sep,
	year = {2011},
	keywords = {lm, unread, w3},
	pages = {1--28},
	file = {empowering_end_users.pdf:C\:\\Users\\lonm\\AppData\\Roaming\\Zotero\\Zotero\\Profiles\\qs5pc95q.default\\zotero\\storage\\AVAEI48P\\empowering_end_users.pdf:application/pdf}
}